@article{mhs,
  author  = {Aly, Teppi and Na, In and Kim, Seong},
  year    = {2015},
  month   = {01},
  pages   = {},
  title   = {Hybrid page segmentation using multilevel homogeneity structure},
  journal = {ACM IMCOM 2015 - Proceedings},
  doi     = {10.1145/2701126.2701138}
}

@article{mha,
  author  = {Aly, Teppi and Na, In and Kim, Soo},
  year    = {2016},
  month   = {09},
  pages   = {},
  title   = {Page segmentation using minimum homogeneity algorithm and adaptive mathematical morphology},
  volume  = {19},
  journal = {International Journal on Document Analysis and Recognition (IJDAR)},
  doi     = {10.1007/s10032-016-0265-3}
}

@inproceedings{ws,
  author    = {K. {Chen} and F. {Yin} and C. {Liu}},
  booktitle = {2013 12th International Conference on Document Analysis and Recognition},
  title     = {Hybrid Page Segmentation with Efficient Whitespace Rectangles Extraction and Grouping},
  year      = {2013},
  volume    = {},
  number    = {},
  pages     = {958-962},
  doi       = {10.1109/ICDAR.2013.194}
}